<?xml version="1.0" encoding="UTF-8"?>
<collection xmlns:xsi="http://www.w3.org/2001/XMLSchema-instance" xsi:schemaLocation="http://www.loc.gov/MARC21/slim http://www.loc.gov/standards/marcxml/schema/MARC21slim.xsd" xmlns="http://www.loc.gov/MARC21/slim">
<record>
  <leader>00721cam a22002171  4500</leader>
  <controlfield tag="001">2981388</controlfield>
  <controlfield tag="003">NNC</controlfield>
  <controlfield tag="005">20150817132358.0</controlfield>
  <controlfield tag="008">010223s1932    ua            000 0 ara d</controlfield>
  <datafield tag="035" ind1=" " ind2=" ">
    <subfield code="a">(OCoLC)ocm46313022</subfield>
  </datafield>
  <datafield tag="035" ind1=" " ind2=" ">
    <subfield code="9">ASM8522CU</subfield>
  </datafield>
  <datafield tag="035" ind1=" " ind2=" ">
    <subfield code="a">(NNC)2981388</subfield>
  </datafield>
  <datafield tag="035" ind1=" " ind2=" ">
    <subfield code="a">2981388</subfield>
  </datafield>
  <datafield tag="040" ind1=" " ind2=" ">
    <subfield code="a">ZCU</subfield>
    <subfield code="c">ZCU</subfield>
  </datafield>
  <datafield tag="090" ind1=" " ind2=" ">
    <subfield code="a">PJ7745.J3</subfield>
    <subfield code="b">H3</subfield>
  </datafield>
  <datafield tag="100" ind1="0" ind2=" ">
    <subfield code="a">Jāḥiẓ,</subfield>
    <subfield code="d">-868 or 869.</subfield>
  </datafield>
  <datafield tag="245" ind1="1" ind2="3">
    <subfield code="a">al-Ḥanīn ilā al-awtān,</subfield>
    <subfield code="c">li Abī ʻUthmān ʻAmr ibn Baḥr al-Jāḥiz, ṣaḥhaḥạ aslahā waʻallaqa ḥawāshiyahā al-shaykh Ṫāhir al-Jazāʾirī.</subfield>
  </datafield>
  <datafield tag="260" ind1=" " ind2=" ">
    <subfield code="a">al-Qāhirah,</subfield>
    <subfield code="b">al-Maktabah al-Salafīyah,</subfield>
    <subfield code="c">1351 [1932]</subfield>
  </datafield>
  <datafield tag="300" ind1=" " ind2=" ">
    <subfield code="a">45 p.</subfield>
  </datafield>
  <datafield tag="700" ind1="1" ind2=" ">
    <subfield code="a">Jazāʼirī, Ṭāhir,</subfield>
    <subfield code="e">editor.</subfield>
  </datafield>
  <datafield tag="955" ind1=" " ind2=" ">
    <subfield code="b">0315067963</subfield>
    <subfield code="d">glx</subfield>
    <subfield code="e">PJ7745.J3 H3</subfield>
  </datafield>
</record>
</collection>